@article{hadjighasem2017critical,
	title={A critical comparison of Lagrangian methods for coherent structure detection},
	author={Hadjighasem, Alireza and Farazmand, Mohammad and Blazevski, Daniel and Froyland, Gary and Haller, George},
	journal={Chaos: An Interdisciplinary Journal of Nonlinear Science},
	volume={27},
	number={5},
	pages={053104},
	year={2017},
	publisher={AIP Publishing}
}

@article{gawlik2009lagrangian,
	title={Lagrangian coherent structures in the planar elliptic restricted three-body problem},
	author={Gawlik, Evan S and Marsden, Jerrold E and Du Toit, Philip C and Campagnola, Stefano},
	journal={Celestial mechanics and dynamical astronomy},
	volume={103},
	number={3},
	pages={227--249},
	year={2009},
	publisher={Springer}
}

@article{wiggins2005dynamical,
	title={The dynamical systems approach to Lagrangian transport in oceanic flows},
	author={Wiggins, Stephen},
	journal={Annu. Rev. Fluid Mech.},
	volume={37},
	pages={295--328},
	year={2005},
	publisher={Annual Reviews}
}

@article{schmale2015highways,
	title={Highways in the sky: Scales of atmospheric transport of plant pathogens},
	author={Schmale III, David G and Ross, Shane D},
	journal={Annual review of phytopathology},
	volume={53},
	pages={591--611},
	year={2015},
	publisher={Annual Reviews}
}

@article{kai2009top,
	title={Top marine predators track Lagrangian coherent structures},
	author={Kai, Emilie Tew and Rossi, Vincent and Sudre, Joel and Weimerskirch, Henri and Lopez, Cristobal and Hernandez-Garcia, Emilio and Marsac, Francis and Gar{\c{c}}on, Veronique},
	journal={Proceedings of the National Academy of Sciences},
	volume={106},
	number={20},
	pages={8245--8250},
	year={2009},
	publisher={National Acad Sciences}
}

@article{serra_objective_2016,
	title = {Objective {Eulerian} coherent structures},
	volume = {26},
	number = {5},
	journal = {Chaos: An Interdisciplinary Journal of Nonlinear Science},
	author = {Serra, Mattia and Haller, George},
	year = {2016},
	pages = {053110}
}


@article{blandford2012applications,
  title={Applications of Classical Physics},
  author={Blandford, Roger D and Thorne, Kip S},
  journal={California Institute of Technology},
  year={2012}
}

@article{haller_variational_2011,
	title = {A variational theory of hyperbolic {Lagrangian} coherent structures},
	volume = {240},
	number = {7},
	journal = {Physica D: Nonlinear Phenomena},
	author = {Haller, George},
	year = {2011},
	pages = {574--598}
}

@article{haller2015lagrangian,
	title={Lagrangian coherent structures},
	author={Haller, George},
	journal={Annual Review of Fluid Mechanics},
	volume={47},
	pages={137--162},
	year={2015},
	publisher={Annual Reviews}
}

@article{shadden2005definition,
	title={Definition and properties of Lagrangian coherent structures from finite-time Lyapunov exponents in two-dimensional aperiodic flows},
	author={Shadden, Shawn C and Lekien, Francois and Marsden, Jerrold E},
	journal={Physica D: Nonlinear Phenomena},
	volume={212},
	number={3},
	pages={271--304},
	year={2005},
	publisher={Elsevier}
}

@article{haley2010multiscale,
	title={Multiscale two-way embedding schemes for free-surface primitive equations in the “Multidisciplinary Simulation, Estimation and Assimilation System”},
	author={Haley, Patrick J and Lermusiaux, Pierre FJ},
	journal={Ocean dynamics},
	volume={60},
	number={6},
	pages={1497--1537},
	year={2010},
	publisher={Springer}
}

@article{xie2018lagrangian,
	title={Lagrangian Data-Driven Reduced Order Modeling of Finite Time Lyapunov Exponents},
	author={Xie, X and Nolan, PJ and Ross, SD and Iliescu, T},
	journal={Under Review},
	year={2018}
}


@article{yeaton_global_2017,
	title = {Global dynamics of non-equilibrium gliding in animals},
	volume = {12},
	issn = {1748-3190},
	doi = {10.1088/1748-3190/aa60e2},
	number = {2},
	journal = {Bioinspiration \& Biomimetics},
	author = {Yeaton, Isaac J. and Socha, John J. and Ross, Shane D.},
	year = {2017},
	pages = {026013}
}

@article{kevrekidis_equation-free_2003,
	title = {Equation-free, coarse-grained multiscale computation: {Enabling} mocroscopic simulators to perform system-level analysis},
	volume = {1},
	shorttitle = {Equation-free, coarse-grained multiscale computation},
	number = {4},
	journal = {Communications in Mathematical Sciences},
	author = {Kevrekidis, Ioannis G. and Gear, C. William and Hyman, James M. and Kevrekidid, Panagiotis G. and Runborg, Olof and Theodoropoulos, Constantinos and {others}},
	year = {2003},
	pages = {715--762},
	file = {Snapshot:/home/gknave/.zotero/zotero/qtv79ggh.default/zotero/storage/6ZHU6W4Z/1119655353.html:text/html}
}

@book{strogatz_nonlinear_2014,
	title = {Nonlinear dynamics and chaos: with applications to physics, biology, chemistry, and engineering},
	shorttitle = {Nonlinear dynamics and chaos},
publisher = {Westview press},
	author = {Strogatz, Steven H.},
	year = {2014},
	file = {Snapshot:/home/gknave/.zotero/zotero/qtv79ggh.default/zotero/storage/2TME5RX3/books.html:text/html}
}

@incollection{eckhaus_relaxation_1983,
	title = {Relaxation oscillations including a standard chase on {French} ducks},
	language = {en},
	booktitle = {Asymptotic {Analysis} {II} —},
	publisher = {Springer, Berlin, Heidelberg},
	author = {Eckhaus, Wiktor},
	year = {1983},
	pages = {449--497},
}

@article{verhulst2007singular,
  title={Singular perturbation methods for slow--fast dynamics},
  author={Verhulst, Ferdinand},
  journal={Nonlinear Dynamics},
  volume={50},
  number={4},
  pages={747--753},
  year={2007},
  publisher={Springer}
}

@book{truesdell2004non,
	title={The non-linear field theories of mechanics},
	author={Truesdell, Clifford and Noll, Walter},
	pages={1--579},
	year={2004},
	publisher={Springer}
}

@article{koper1995bifurcations,
	title={Bifurcations of mixed-mode oscillations in a three-variable autonomous Van der Pol-Duffing model with a cross-shaped phase diagram},
	author={Koper, Marc TM},
	journal={Physica D: Nonlinear Phenomena},
	volume={80},
	number={1-2},
	pages={72--94},
	year={1995},
	publisher={Elsevier}
}

@article{lopesino2017theoretical,
	title={A theoretical framework for lagrangian descriptors},
	author={Lopesino, Carlos and Balibrea-Iniesta, Francisco and Garc{\'\i}a-Garrido, V{\'\i}ctor J and Wiggins, Stephen and Mancho, Ana M},
	journal={International Journal of Bifurcation and Chaos},
	volume={27},
	number={01},
	pages={1730001},
	year={2017},
	publisher={World Scientific}
}

@book{kuehn2016multiple,
	title={Multiple time scale dynamics},
	author={Kuehn, Christian},
	volume={1},
	year={2016},
	publisher={Springer}
}

@article{ali1999local,
	title={On the local stability of limit cycles},
	author={Ali, Fathei and Menzinger, Michael},
	journal={Chaos: An Interdisciplinary Journal of Nonlinear Science},
	volume={9},
	number={2},
	pages={348--356},
	year={1999},
	publisher={AIP}
}

@article{norris2008revisiting,
	title={Revisiting the stability of 2D passive biped walking: local behavior},
	author={Norris, James A and Marsh, Anthony P and Granata, Kevin P and Ross, Shane D},
	journal={Physica D: Nonlinear Phenomena},
	volume={237},
	number={23},
	pages={3038--3045},
	year={2008},
	publisher={Elsevier}
}

@article{haller2002lagrangian,
	title={Lagrangian coherent structures from approximate velocity data},
	author={Haller, George},
	journal={Physics of fluids},
	volume={14},
	number={6},
	pages={1851--1861},
	year={2002},
	publisher={AIP}
}

@article{green2010using,
	title={Using hyperbolic Lagrangian coherent structures to investigate vortices in bioinspired fluid flows},
	author={Green, Melissa A and Rowley, Clarence W and Smits, Alexander J},
	journal={Chaos: An Interdisciplinary Journal of Nonlinear Science},
	volume={20},
	number={1},
	pages={017510},
	year={2010},
	publisher={AIP}
}

@article{lekien2010computation,
	title={The computation of finite-time Lyapunov exponents on unstructured meshes and for non-Euclidean manifolds},
	author={Lekien, Francois and Ross, Shane D},
	journal={Chaos: An Interdisciplinary Journal of Nonlinear Science},
	volume={20},
	number={1},
	pages={017505},
	year={2010},
	publisher={AIP}
}


@article{lekien2005pollution,
	title={Pollution release tied to invariant manifolds: A case study for the coast of {F}lorida},
	author={Lekien, Francois and Coulliette, Chad and Mariano, Arthur J and Ryan, Edward H and Shay, Lynn K and Haller, George and Marsden, Jerry},
	journal={Physica D: Nonlinear Phenomena},
	volume={210},
	number={1-2},
	pages={1--20},
	year={2005},
	publisher={Elsevier}
}

@article{peng2008theupstream,
	title={The `upstream wake' of swimming and flying animals and its correlation with propulsive efficiency},
	author={Peng, Jifeng and Dabiri, John O},
	journal={Journal of Experimental Biology},
	volume={211},
	number={16},
	pages={2669--2677},
	year={2008},
	publisher={The Company of Biologists Ltd}
}

@article{nave2018global,
	title={Global phase space structures in a model of passive descent},
	author={Nave Jr, Gary K and Ross, Shane D},
	journal={Under Review, arXiv preprint arXiv:1804.05099},
	year={2018}
}

@article{brunton2010fast,
	title={Fast computation of finite-time Lyapunov exponent fields for unsteady flows},
	author={Brunton, Steven L and Rowley, Clarence W},
	journal={Chaos: An Interdisciplinary Journal of Nonlinear Science},
	volume={20},
	number={1},
	pages={017503},
	year={2010},
	publisher={AIP}
}

@incollection{ameli2014development,
	title={Development of an efficient and flexible pipeline for Lagrangian coherent structure computation},
	author={Ameli, Siavash and Desai, Yogin and Shadden, Shawn C},
	booktitle={Topological Methods in Data Analysis and Visualization III},
	pages={201--215},
	year={2014},
	publisher={Springer}
}

@article{shadden2011lagrangian,
	title={Lagrangian coherent structures},
	author={Shadden, Shawn C},
	journal={Transport and Mixing in Laminar Flows: From Microfluidics to Oceanic Currents},
	pages={59--89},
	year={2011},
	publisher={Wiley Online Library}
}

@article{chakraborty2005relationships,
	title={On the relationships between local vortex identification schemes},
	author={Chakraborty, Pinaki and Balachandar, S and Adrian, Ronald J},
	journal={Journal of fluid mechanics},
	volume={535},
	pages={189--214},
	year={2005},
	publisher={Cambridge University Press}
}

@article{haller2005objective,
	title={An objective definition of a vortex},
	author={Haller, George},
	journal={Journal of fluid mechanics},
	volume={525},
	pages={1--26},
	year={2005},
	publisher={Cambridge University Press}
}

@article{jeong1995identification,
	title={On the identification of a vortex},
	author={Jeong, Jinhee and Hussain, Fazle},
	journal={Journal of fluid mechanics},
	volume={285},
	pages={69--94},
	year={1995},
	publisher={Cambridge University Press}
}

@article{balasuriya2018generalized,
	title={Generalized Lagrangian coherent structures},
	author={Balasuriya, Sanjeeva and Ouellette, Nicholas T and Rypina, Irina I},
	journal={Physica D: Nonlinear Phenomena},
	year={2018},
	publisher={Elsevier}
}

@article{hunt1988eddies,
	title={Eddies, streams, and convergence zones in turbulent flows},
	author={Hunt, Julian CR and Wray, Alan A and Moin, Parviz},
	journal={Center for Turbulence Research Report},
	volume={CTR-S88},
	pages={193--208},
	year={1988}
}

@article{chong1990general,
	title={A general classification of three-dimensional flow fields},
	author={Chong, Min S and Perry, Anthony E and Cantwell, Brian J},
	journal={Physics of Fluids A: Fluid Dynamics},
	volume={2},
	number={5},
	pages={765--777},
	year={1990},
	publisher={AIP}
}

@article{zhou1999mechanisms,
	title={Mechanisms for generating coherent packets of hairpin vortices in channel flow},
	author={Zhou, Jigen and Adrian, Ronald J and Balachandar, S and Kendall, TM},
	journal={Journal of fluid mechanics},
	volume={387},
	pages={353--396},
	year={1999},
	publisher={Cambridge University Press}
}

@inproceedings{okubo1970horizontal,
	title={Horizontal dispersion of floatable particles in the vicinity of velocity singularities such as convergences},
	author={Okubo, Akira},
	booktitle={Deep sea research and oceanographic abstracts},
	volume={17},
	number={3},
	pages={445--454},
	year={1970},
	organization={Elsevier}
}

@article{weiss1991dynamics,
	title={The dynamics of enstrophy transfer in two-dimensional hydrodynamics},
	author={Weiss, John},
	journal={Physica D: Nonlinear Phenomena},
	volume={48},
	number={2-3},
	pages={273--294},
	year={1991},
	publisher={Elsevier}
}

@article{tanaka2010mathematical,
	title={Mathematical modeling and simulation of seated stability},
	author={Tanaka, Martin L and Ross, Shane D and Nussbaum, Maury A},
	journal={Journal of biomechanics},
	volume={43},
	number={5},
	pages={906--912},
	year={2010},
	publisher={Elsevier}
}

@incollection{dellnitz2001algorithms,
	title={The algorithms behind GAIO—Set oriented numerical methods for dynamical systems},
	author={Dellnitz, Michael and Froyland, Gary and Junge, Oliver},
	booktitle={Ergodic theory, analysis, and efficient simulation of dynamical systems},
	pages={145--174},
	year={2001},
	publisher={Springer}
}

@article{froyland2015rough,
	title={A rough-and-ready cluster-based approach for extracting finite-time coherent sets from sparse and incomplete trajectory data},
	author={Froyland, Gary and Padberg-Gehle, Kathrin},
	journal={Chaos: An Interdisciplinary Journal of Nonlinear Science},
	volume={25},
	number={8},
	pages={087406},
	year={2015},
	publisher={AIP Publishing}
}

@article{allshouse2012detecting,
	title={Detecting coherent structures using braids},
	author={Allshouse, Michael R and Thiffeault, Jean-Luc},
	journal={Physica D: Nonlinear Phenomena},
	volume={241},
	number={2},
	pages={95--105},
	year={2012},
	publisher={Elsevier}
}

@article{froyland2015fast,
	title={On fast computation of finite-time coherent sets using radial basis functions},
	author={Froyland, Gary and Junge, Oliver},
	journal={Chaos: An Interdisciplinary Journal of Nonlinear Science},
	volume={25},
	number={8},
	pages={087409},
	year={2015},
	publisher={AIP Publishing}
}

@article{budivsic2015finite,
	title={Finite-time braiding exponents},
	author={Budi{\v{s}}i{\'c}, Marko and Thiffeault, Jean-Luc},
	journal={Chaos: An Interdisciplinary Journal of Nonlinear Science},
	volume={25},
	number={8},
	pages={087407},
	year={2015},
	publisher={AIP Publishing}
}

@article{joseph2002relation,
	title={Relation between kinematic boundaries, stirring, and barriers for the Antarctic polar vortex},
	author={Joseph, Binson and Legras, Bernard},
	journal={Journal of the Atmospheric Sciences},
	volume={59},
	number={7},
	pages={1198--1212},
	year={2002}
}

@article{aurell1997predictability,
	title={Predictability in the large: an extension of the concept of Lyapunov exponent},
	author={Aurell, E and Boffetta, Guido and Crisanti, A and Paladin, G and Vulpiani, A},
	journal={Journal of Physics A: Mathematical and General},
	volume={30},
	number={1},
	pages={1},
	year={1997},
	publisher={IOP Publishing}
}

@article{karrasch2013finite,
	title={Do finite-size Lyapunov exponents detect coherent structures?},
	author={Karrasch, Daniel and Haller, George},
	journal={Chaos: An Interdisciplinary Journal of Nonlinear Science},
	volume={23},
	number={4},
	pages={043126},
	year={2013},
	publisher={AIP}
}

@article{cencini2013finite,
	title={Finite size Lyapunov exponent: review on applications},
	author={Cencini, Massimo and Vulpiani, Angelo},
	journal={Journal of Physics A: Mathematical and Theoretical},
	volume={46},
	number={25},
	pages={254019},
	year={2013},
	publisher={IOP Publishing}
}

@article{madrid2009distinguished,
	title={Distinguished trajectories in time dependent vector fields},
	author={Madrid, JA Jim{\'e}nez and Mancho, Ana M},
	journal={Chaos: An Interdisciplinary Journal of Nonlinear Science},
	volume={19},
	number={1},
	pages={013111},
	year={2009},
	publisher={AIP}
}

@article{haller2010localized,
	title={Localized instability and attraction along invariant manifolds},
	author={Haller, George and Sapsis, Themistoklis},
	journal={SIAM Journal on Applied Dynamical Systems},
	volume={9},
	number={2},
	pages={611--633},
	year={2010},
	publisher={SIAM}
}

@article{haller2001lagrangian,
	title={Lagrangian structures and the rate of strain in a partition of two-dimensional turbulence},
	author={Haller, George},
	journal={Physics of Fluids},
	volume={13},
	number={11},
	pages={3365--3385},
	year={2001},
	publisher={AIP}
}

@article{tallapragada2017globally,
	title={A globally stable attractor that is locally unstable everywhere},
	author={Tallapragada, Phanindra and Sudarsanam, Senbagaraman},
	journal={AIP Advances},
	volume={7},
	number={12},
	pages={125012},
	year={2017},
	publisher={AIP Publishing}
}


@book{koon2008dynamical,
	title={Dynamical systems, the three-body problem and space mission design},
	author={Koon, Wang Sang and Lo, Martin W and Marsden, Jerrold E and Ross, Shane D.},
	year={2011},
	publisher={Marsden Books},
	note={{ISBN} 978-0-615-24095-4}
}

@book{wiggins2013normally,
	title={Normally hyperbolic invariant manifolds in dynamical systems},
	author={Wiggins, Stephen},
	volume={105},
	year={2013},
	publisher={Springer Science \& Business Media}
}

@article{aldridge2006direct,
	title={Direct Lyapunov exponent analysis enables parametric study of transient signalling governing cell behaviour},
	author={Aldridge, Bree B and Haller, George and Sorger, Peter K and Lauffenburger, Douglas A},
	journal={IEE Proceedings-Systems Biology},
	volume={153},
	number={6},
	pages={425--432},
	year={2006},
	publisher={IET}
}

@book{wiggins2003introduction,
	title={Introduction to applied nonlinear dynamical systems and chaos},
	author={Wiggins, Stephen},
	volume={2},
	year={2003},
	publisher={Springer Science \& Business Media}
}

@inproceedings{desroches2011canards,
  title={Canards and curvature: the ‘smallness of $\varepsilon$’in slow--fast dynamics},
  author={Desroches, Mathieu and Jeffrey, Mike R},
  booktitle={Proceedings of the Royal Society of London A: Mathematical, Physical and Engineering Sciences},
  pages={rspa20110053},
  year={2011},
  organization={The Royal Society}
}

@article{krupa2001relaxation,
	title={Relaxation oscillation and canard explosion},
	author={Krupa, Martin and Szmolyan, Peter},
	journal={Journal of Differential Equations},
	volume={174},
	number={2},
	pages={312--368},
	year={2001},
	publisher={Elsevier}
}

@incollection{schindler2012ridge,
	title={Ridge concepts for the visualization of Lagrangian coherent structures},
	author={Schindler, Benjamin and Peikert, Ronald and Fuchs, Raphael and Theisel, Holger},
	booktitle={Topological Methods in Data Analysis and Visualization II},
	pages={221--235},
	year={2012},
	publisher={Springer}
}

@article{zhong2017tube,
	title={A tube dynamics perspective governing stability transitions: An example based on snap-through buckling},
	author={Zhong, Jun and Virgin, Lawrence N and Ross, Shane D},
	journal={International Journal of Mechanical Sciences},
	year={2017},
	publisher={Elsevier}
}

@article{de2014relocatable,
	title={A relocatable ocean model in support of environmental emergencies},
	author={De Dominicis, Michela and Falchetti, Silvia and Trotta, Francesco and Pinardi, Nadia and Giacomelli, Luca and Napolitano, Ernesto and Fazioli, Leopoldo and Sorgente, Roberto and Haley Jr, Patrick J and Lermusiaux, Pierre FJ and others},
	journal={Ocean Dynamics},
	volume={64},
	number={5},
	pages={667--688},
	year={2014},
	publisher={Springer}
}

@article{garth2007efficient,
	title={Efficient computation and visualization of coherent structures in fluid flow applications},
	author={Garth, Christoph and Gerhardt, Florian and Tricoche, Xavier and Hans, Hagen},
	journal={IEEE Transactions on Visualization and Computer Graphics},
	volume={13},
	number={6},
	pages={1464--1471},
	year={2007},
	publisher={IEEE}
}